{"title": "Hierbas ayurv\u00e9dicas a granel | Sat Nam Europe", "author": null, "url": "https://www.satnam.de/es/hierbas-ayurvedicas-a-granel/", "hostname": "satnam.de", "description": "Gran selecci\u00f3n de hierbas ayurv\u00e9dicas sueltas y hierbas b\u00e1sicas para el uso en aceites ayurv\u00e9dicos. Calidad controlada y certificada como org\u00e1nica.", "sitename": "satnam.de", "date": "2020-12-16", "id": null, "license": null, "body": null, "comments": "", "commentsbody": null, "raw_text": null, "text": "Hierbas ayurv\u00e9dicas a granel\nGran selecci\u00f3n de hierbas y churnas ayurv\u00e9dicas sueltaspara el uso en aceites ayurv\u00e9dicos. Calidad controlada y certificada como org\u00e1nica.\n[\nAmalaki Churna (Amla) org\u00e1nico (Seyfried) ](https://www.satnam.de/es/amalaki-churna-organic-seyfried.html)\ndeste 8,69 \u20ac 86,90 \u20ac / kg\ndisponible 5-10 d\u00edas\n[\nAmalaki Churna Classic Ayurveda org\u00e1nico, 100 g (Polvo) ](https://www.satnam.de/es/amalaki-churna-classic-ayurveda-organico-polvo.html)\n12,90 \u20ac 129,00 \u20ac / kg\nen existencia 1-3 d\u00edas\n[\nAmla Churna (Amalaki) org\u00e1nico ](https://www.satnam.de/es/amla-amalaki-organico-nimi-ayurveda.html)\ndeste 7,50 \u20ac 75,00 \u20ac / kg\nSin existencias\n[\nAmla Churna (Amalaki) Premium (Nimi Ayurveda) ](https://www.satnam.de/es/amla-churna-premium-nimi-ayurveda.html)\ndeste 7,50 \u20ac 75,00 \u20ac / kg\nen existencia 1-3 d\u00edas\n[\nArjuna Churna organic, 75 g ](https://www.satnam.de/es/arjuna-churna-organic-75g.html)\n7,90 \u20ac 105,33 \u20ac / kg\nSin existencias\n[\nArjuna Churna org\u00e1nico (Seyfried) ](https://www.satnam.de/es/arjuna-churna-organico.html)\ndeste 8,69 \u20ac 86,90 \u20ac / kg\ndisponible 5-10 d\u00edas\n[\nAshoka Churna org\u00e1nico, 100 g ](https://www.satnam.de/es/ashoka-churna-organico-100g.html)\n9,80 \u20ac 98,00 \u20ac / kg\ndisponible 5-10 d\u00edas\n[\nAshwagandha Churna org\u00e1nico (Nimi Ayurveda) ](https://www.satnam.de/es/ashwagandha-churna-organico-nimi-ayurveda.html)\ndeste 8,90 \u20ac 89,00 \u20ac / kg\nSin existencias\n[\nAshwagandha Churna org\u00e1nico, Seyfried ](https://www.satnam.de/es/ashwagandha-churna-organico-seyfried.html)\ndeste 9,80 \u20ac 98,00 \u20ac / kg\ndisponible 5-10 d\u00edas\n[\nAshwagandha Churna Premium (Nimi Ayurveda) ](https://www.satnam.de/es/ashwagandha-churna-premium-nimi-ayurveda.html)\ndeste 8,90 \u20ac 89,00 \u20ac / kg\nesperado 10/2023\n[\nAvipattikara Churna org\u00e1nico (Nimi Ayurveda) ](https://www.satnam.de/es/avipattikara-churna-organico-nimi-ayurveda.html)\ndeste 12,75 \u20ac 127,50 \u20ac / kg\nSin existencias\n[\nAvipattikara Churna org\u00e1nico (Seyfried) ](https://www.satnam.de/es/avipattikara-churna-organico-seyfried.html)\ndeste 9,80 \u20ac 98,00 \u20ac / kg\nesperado 03/2024\n[\nAvipattikara Churna premium (Nimi Ayurveda) ](https://www.satnam.de/es/avipattikara-churna-premium-nimi-ayurveda.html)\ndeste 12,75 \u20ac 127,50 \u20ac / kg\nen existencia 1-3 d\u00edas\n[\nBala Churna (Malva India) org\u00e1nico, 100 g (Seyfried) ](https://www.satnam.de/es/bala-churna-orgnanico-100g-seyfried.html)\n9,95 \u20ac 99,50 \u20ac / kg\nen existencia 1-3 d\u00edas\n[\nBala Churna (Malva India) Premium, 100 g ](https://www.satnam.de/es/bala-churna-premium-100-g.html)\n11,80 \u20ac 118,00 \u20ac / kg\nen existencia 1-3 d\u00edas\n[\nBhringaraj Churna bio, 100 g (Seyfried) ](https://www.satnam.de/es/bhringaraj-churna-bio-100-g.html)\n8,99 \u20ac 89,90 \u20ac / kg\nen existencia 1-3 d\u00edas\n[\nBhringaraj Churna org\u00e1nico (Nimi Ayurveda) ](https://www.satnam.de/es/bhringaraj-churna-nimi-ayurveda-organico.html)\ndeste 6,45 \u20ac 86,00 \u20ac / kg\nSin existencias\n[\nBhumi Amalaki Churna og\u00e1nico, 100 g (Seyfried) ](https://www.satnam.de/es/bhumi-amalaki-organico-seyfried.html)\n8,99 \u20ac 89,90 \u20ac / kg\nen existencia 1-3 d\u00edas\n[\nBhumi Amalaki Churna org\u00e1nico, 100 g (Nimi Ayurveda) ](https://www.satnam.de/es/bhumi-amalaki-organico-nimi-ayurveda.html)\n12,79 \u20ac 127,90 \u20ac / kg\nSin existencias\n[\nBibhitaki Churna org\u00e1nico, 100 g ](https://www.satnam.de/es/bibhitaki-churna-organico-100-g.html)\n8,79 \u20ac 87,90 \u20ac / kg\nen existencia 1-3 d\u00edas\n[\nBilva Churna bio, 100 g (Seyfried) ](https://www.satnam.de/es/bilva-churna-bio-100g-seyfried.html)\n8,99 \u20ac 89,90 \u20ac / kg\nSin existencias\n[\nBilva Churna Premium, 75 g (Nimi Ayurveda) ](https://www.satnam.de/es/bilva-churna-nimi-ayurveda-75g.html)\n9,90 \u20ac 132,00 \u20ac / kg\nen existencia 1-3 d\u00edas\n[\nBrahmi Churna org\u00e1nico, Seyfried ](https://www.satnam.de/es/brahmi-churna-organico-seyfried.html)\ndeste 8,99 \u20ac 89,90 \u20ac / kg\nen existencia 1-3 d\u00edas\n[\nBrahmi Churna Premium (Nimi Ayurveda) ](https://www.satnam.de/es/brahmi-churna-nimi-ayurveda.html)\ndeste 6,90 \u20ac 92,00 \u20ac / kg\nen existencia 1-3 d\u00edas\n[\nDashamula Churna bio (Seyfried) ](https://www.satnam.de/es/dashamula-churna-bio-seyfried.html)\ndeste 9,80 \u20ac 98,00 \u20ac / kg\ndisponible 5-10 d\u00edas\n[\nDashamula Churna org\u00e1nico (Nimi Ayurveda) ](https://www.satnam.de/es/dashamula-churna-bio-nimi-ayurveda.html)\ndeste 8,75 \u20ac 116,66 \u20ac / kg\nSin existencias\n[\nDashamula Churna Premium (Nimi Ayurveda) ](https://www.satnam.de/es/dashamula-churna-premium-nimi-ayurveda.html)\ndeste 8,75 \u20ac 116,66 \u20ac / kg\ndisponible 5-10 d\u00edas\n[\nGokshura Churna bio, 100 g ](https://www.satnam.de/es/gokshura-churna-bio-100-g.html)\n8,99 \u20ac 89,90 \u20ac / kg\nen existencia 1-3 d\u00edas\n[\nGokshuradi Guggulu Classic Ayurveda, 60 g ](https://www.satnam.de/es/gokshuradi-guggulu-classic-ayurveda-60g.html)\n34,50 \u20ac 575,00 \u20ac / kg\nen existencia 1-3 d\u00edas\n[\nGotu Kola (Mandukaparni) Churna Premium, 100 g ](https://www.satnam.de/es/gotu-kola-mandukaparni-churna-100g.html)\n9,80 \u20ac 98,00 \u20ac / kg\nen existencia 1-3 d\u00edas\n[\nGuduchi Churna org\u00e1nico, Nimi Ayurveda ](https://www.satnam.de/es/guduchi-churna-organico-nimi-ayurveda.html)\ndeste 5,90 \u20ac 78,67 \u20ac / kg\nSin existencias\n[\nGuduchi Churna org\u00e1nico, Seyfried ](https://www.satnam.de/es/guduchi-churna-organico-seyfried.html)\ndeste 8,99 \u20ac 89,90 \u20ac / kg\ndisponible 5-10 d\u00edas\n[\nGuduchi Churna Premium (Nimi Ayurveda) ](https://www.satnam.de/es/guduchi-churna-premium-nimi-ayurveda.html)\ndeste 5,90 \u20ac 78,67 \u20ac / kg\nen existencia 1-3 d\u00edas\n[\nHaritaki Churna bio, 100 g (Nimi Ayurveda) ](https://www.satnam.de/es/haritaki-churna-bio-nimi-ayurveda.html)\n8,79 \u20ac 87,90 \u20ac / kg\nSin existencias\n[\nHaritaki Churna bio, 100 g (Seyfried) ](https://www.satnam.de/es/haritaki-churna-bio-seyfried-100-g.html)\n8,59 \u20ac 85,90 \u20ac / kg\ndisponible 5-10 d\u00edas\n[\nHaritaki Churna Premium, 100 g (Nimi Ayurveda) ](https://www.satnam.de/es/haritaki-churna-premium-nimi-ayurveda.html)\n8,79 \u20ac 87,90 \u20ac / kg\nen existencia 1-3 d\u00edas\n[\nHingvashtak Churna, 100 g (Nimi Ayurveda) ](https://www.satnam.de/es/hingvashtak-churna-100-g-nimi-ayurveda.html)\n14,25 \u20ac 142,50 \u20ac / kg\nen existencia 1-3 d\u00edas\n[\nHojas de alholva \"Kasoori Methi\", 100 g ](https://www.satnam.de/es/hojas-de-alholva-kasoori-methi.html)\n3,49 \u20ac 34,90 \u20ac / kg\nen existencia 1-3 d\u00edas\n[\nKarela Churna org\u00e1nico, 100 g (Nimi Ayurveda) ](https://www.satnam.de/es/karela-churna-organico-100g.html)\n12,79 \u20ac 127,90 \u20ac / kg\nSin existencias\n[\nKarela Churna Premium (Nimi Ayurveda), 100 g ](https://www.satnam.de/es/karela-churna-premium-nimi-ayurveda.html)\n11,79 \u20ac 117,90 \u20ac / kg\nen existencia 1-3 d\u00edas\n[\nKavcha Churna (Atmagupta) bio, 100 g ](https://www.satnam.de/es/kavcha-churna-atmagupta-bio.html)\n11,79 \u20ac 117,90 \u20ac / kg\nSin existencias\n[\nKutaja Churna org\u00e1nico, 100 g (Seyfried) ](https://www.satnam.de/es/kutaja-churna-organico-100g.html)\n8,99 \u20ac 89,90 \u20ac / kg\nen existencia 1-3 d\u00edas\n[\nKutaja Churna Premium (Nimi Ayurveda), 100 g ](https://www.satnam.de/es/kutaja-churna-premium-nimi-ayurveda.html)\n11,79 \u20ac 117,90 \u20ac / kg\nesperado 10/10/2023\n[\nMandukaparni Churna (Gotu Kola) org\u00e1nico, 100 g ](https://www.satnam.de/es/mandukaparni-churna-gotu-kola-organico-100g.html)\n8,49 \u20ac 84,90 \u20ac / kg\nSin existencias\n[\nManjista Churna org\u00e1nico, Nimi Ayurveda (75 g | 1 kg) ](https://www.satnam.de/es/manjista-churna-organico-nimi-ayurveda.html)\ndeste 9,95 \u20ac 132,67 \u20ac / kg\nSin existencias\n[\nManjistha Churna org\u00e1nico, Seyfried ](https://www.satnam.de/es/manjistha-churna-otrganico-seyfried.html)\ndeste 9,49 \u20ac 94,90 \u20ac / kg\ndisponible 5-10 d\u00edas\n[\nMoringa en polvo org\u00e1nico Govinda, 200 g ](https://www.satnam.de/es/moringa-en-polvo-organico-govinda-200g.html)\n19,80 \u20ac 99,00 \u20ac / kg\nen existencia 1-3 d\u00edas\n[\nMoringa powder bio (Moringa olifeira), 75 g ](https://www.satnam.de/es/moringa-powder-bio-75g.html)\n5,90 \u20ac 78,67 \u20ac / kg\nSin existencias\n[\nMustha Churna Premium, 100 g (Nimi Ayurveda) ](https://www.satnam.de/es/mustha-churna-premium-nimi-ayurveda.html)\n11,80 \u20ac 118,00 \u20ac / kg\nSin existencias\n[\nNeem (Nimba) Churna bio, 100 g ](https://www.satnam.de/es/neem-nimba-churna-bio.html)\n8,99 \u20ac 89,90 \u20ac / kg\ndisponible 5-10 d\u00edas\n[\nNeem Churna org\u00e1nico (Nimi Ayurveda) ](https://www.satnam.de/es/neem-churna-organico-nimi-ayurveda.html)\ndeste 8,90 \u20ac 89,00 \u20ac / kg\nSin existencias\n[\nNeem Churna Premium (Nimi Ayurveda) ](https://www.satnam.de/es/neem-churna-premium-nimi-ayurveda.html)\ndeste 67,95 \u20ac 67,95 \u20ac / kg\nen existencia 1-3 d\u00edas\n[\nPippali pimienta larga, molida, bio, 100 g (Cosmoveda) ](https://www.satnam.de/es/pippali-pimienta-larga-molida-bio-100-g.html)\n13,59 \u20ac 135,90 \u20ac / kg\nen existencia 1-3 d\u00edas\n[\nPunarnava Churna bio, 100 g (Seyfried) ](https://www.satnam.de/es/punarnava-churna-bio-100-g-seyfried.html)\n8,99 \u20ac 89,90 \u20ac / kg\nen existencia 1-3 d\u00edas\n[\nPunarnava Churna Premium, 100 g (Nimi Ayurveda) ](https://www.satnam.de/es/punarnava-churna-nimi-ayurveda.html)\n12,80 \u20ac 128,00 \u20ac / kg\nesperado 10/10/2023\n[\nSariva Churna (Sarsaparilla) bio, 100 g (Seyfried) ](https://www.satnam.de/es/sariva-churna-sarsaparilla-bio-100-g-seyfried.html)\n9,95 \u20ac 99,50 \u20ac / kg\ndisponible 5-10 d\u00edas\n[\nSariva Churna Premium, 100 g (Nimi Ayurveda) ](https://www.satnam.de/es/sariva-churna-sarsaparilla-100g.html)\n13,20 \u20ac 132,00 \u20ac / kg\nesperado 10/2023\n[\nShallaki Churna, incienso indio org\u00e1nico, 100 g ](https://www.satnam.de/es/shallaki-churna-incienso-indio-organico.html)\n13,90 \u20ac 139,00 \u20ac / kg\nen existencia 1-3 d\u00edas\n[\nShankapushpi Churna org\u00e1nico, 100 g (Seyfried) ](https://www.satnam.de/es/shankapushpi-churna-organico-seyfried-100g.html)\n9,49 \u20ac 94,90 \u20ac / kg\nen existencia 1-3 d\u00edas\n[\nShankapushpi Churna Premium (Nimi Ayurveda), 75 g ](https://www.satnam.de/es/shankapushpi-churna-premium-nimi-ayurveda.html)\n8,90 \u20ac 118,66 \u20ac / kg\nesperado 10/2023", "language": null, "image": "https://www.satnam.de/images/Ayurveda-Kraeuter.jpg", "pagetype": "website", "links": ["https://www.satnam.de/es/", "#navi-items-top", "#quick-search", "#navi-account", "#navi-service", "#language-switch", "#shopping-cart", "javascript:toggleNavi('headerAccount');", "https://www.satnam.de/es/password_forgotten.php", "https://www.satnam.de/es/create_account.php", "https://www.satnam.de/es/create_account.php?yogateacher=1", "https://www.satnam.de/es/create_account.php?trader=1", "https://www.satnam.de/es/create_guestaccount.php", "javascript:toggleNavi('headerDiscount');", "https://www.satnam.de/es/discounts.php", "https://www.satnam.de/es/conditions-wholesale.php", "https://www.satnam.de/es/affiliate_info.php", "https://www.satnam.de/es/payment_shipping.php", "javascript:toggleNavi('headerService');", "https://www.satnam.de/es/newsletter.php", "https://www.satnam.de/es/vales-de-regalo/", "https://www.satnam.de/es/reservation.php", "https://www.satnam.de/es/preislisten/", "https://www.satnam.de/es/contact_us.php", "https://www.satnam.de/es/payment_shipping.php", "https://www.satnam.de/es/conditions.php", "https://www.satnam.de/es/withdraw.php", "https://www.satnam.de/es/privacy.php", "https://www.satnam.de/es/battery.php", "https://www.satnam.de/es/impressum.php", "https://www.satnam.de/es/about_us.php", "https://www.satnam.de/es/toplinks.php", "https://www.satnam.de/es/conditions-wholesale.php", "https://www.satnam.de/de/ayurveda-kraeuter-lose/", "https://www.satnam.de/en/ayurvedic-herbs-loose/", "https://www.satnam.de/fr/herbes-ayurvediques-en-vrac/", "https://www.satnam.de/es/hierbas-ayurvedicas-a-granel/", "https://www.satnam.de/es/shopping_cart.php", "/es/novedades-sat-nam-shop/", "/es/kundalini-yoga-productos/", "/es/kundalini-yoga-musica/", "/es/musica-de-kundalini-yoga-a-z/", "/es/musica-de-kundalini-yoga-sadhana/", "/es/musica-jap-ji-banis-kirtan-shabad/", "/es/kundalini-yoga-audio-programa/", "/es/mantra-download-vales/", "/es/kundalini-yoga-libros/", "/es/libros-de-kundalini-yoga-en-aleman/", "/es/libros-de-kundalini-yoga-en-ingles/", "/es/libros-de-kundalini-yoga-en-frances/", "/es/libros-holandeses-de-kundalini-yoga/", "/es/libros-de-kundalini-yoga-en-espanol-y-portugues/", "/es/kundalini-yoga-libros/", "/es/videos-de-kundalini-yoga/", "/es/videos-kundalini-yoga-aleman/", "/es/videos-de-kundalini-yoga-kriyas/", "/es/kundalini-yoga-dvd-para-mujeres/", "/es/chakra-yoga-dvd/", "/es/rebirthing-kundalini-yoga-dvd/", "/es/the-masters-touch-kundalini-yoga-dvds/", "/es/foundations-kundalini-yoga-dvds/", "/es/videos-de-kundalini-yoga/", "/es/yoga-gems-kundalini-yoga-cd-roms/", "/es/fotos-posters-y-postales-de-kundalini/25_705/", "/es/ropa-de-kundalini-yoga/25_715/", "/es/yoga-cubre-cabeza-tela-para-turbante/", "/es/tantric-necklace-malas/25_717/", "/es/sikh-karas-and-kirpans/", "/es/karas-de-acero-plano/", "/es/sikh-karas-mantra-grabado/", "/es/sikh-karas-acero-laton/", "/es/sikh-karas-negro-oro-grabado/", "/es/khalsa-kirpans-dagas-espirituales/", "/es/vales-de-regalo/25_707/", "/es/yoga-productos/", "/es/esterillas-de-yoga/", "/es/esteras-de-yoga-naturales/", "/es/fundas-para-esterillas-de-yoga-natural/", "/es/esterillas-de-yoga-yogimat-basic/", "/es/esterilla-de-yoga-studio-ako-yoga/", "/es/esterillas-de-yoga/", "/es/bolsos-de-yoga-para-esterillas-de-yoga/", "/es/bolsos-de-yoga-sat-nam/", "/es/yogibag-bolsos-de-yoga/", "/es/bolsos-de-yoga-para-esterillas-de-yoga/", "/es/cojines-de-meditacion/", "/es/cojin-de-meditacion-classic/", "/es/cojin-de-meditacion-moon/", "/es/cojin-de-meditacion-isla/", "/es/cojines-de-meditacion/", "/es/conjuntos-de-yoga-para-principiantes/", "/es/accesorios-de-yoga/", "/es/taburetes-de-meditacion-y-yoga/", "/es/yoga-props/", "/es/yogitowel-de-yogistar/", "/es/chales-de-meditacion-y-mantas/68_568_693/", "/es/temporizadores-para-yoga-y-meditacion/", "/es/ropa-de-yoga/", "/es/ropa-de-kundalini-yoga/", "/es/vapus-ropa-de-yoga-organica/", "/es/the-spirit-of-om-ropa-de-yoga/", "/es/ropa-de-yoga/", "/es/joyas-para-el-yoga/", "/es/karas-de-acero-plano/68_414_598/", "/es/sikh-karas-mantra-grabado/68_414_599/", "/es/sikh-karas-acero-laton/68_414_600/", "/es/joyas-para-el-yoga/", "/es/musica-de-yoga/", "/es/musica-de-yoga-de-la-a-a-la-z/", "/es/musica-de-kundalini-yoga-a-z/68_569_571/", "/es/mantra-musica/", "/es/musica-de-meditacion/", "/es/musica-de-relajacion/", "/es/rhythm-trance-dance-cds/", "/es/gong-meditacion-cds/", "/es/libros-de-yoga/", "/es/yoga-meditacion-entrenamiento-fisico/", "/es/libros-de-kundalini-yoga-en-aleman/68_578_580/", "/es/libros-de-kundalini-yoga-en-ingles/68_578_581/", "/es/libros-de-kundalini-yoga-en-frances/68_578_582/", "/es/libros-de-kundalini-yoga-en-espanol-y-portugues/68_578_584/", "/es/libros-de-yoga/", "/es/dvd-de-yoga/", "/es/dvd-de-yoga-inspiracion-y-estilo-de-vida/", "/es/videos-kundalini-yoga-aleman/68_93_586/", "/es/videos-de-kundalini-yoga-kriyas/68_93_587/", "/es/kundalini-yoga-dvd-para-mujeres/68_93_588/", "/es/chakra-yoga-dvd/68_93_589/", "/es/rebirthing-kundalini-yoga-dvd/68_93_591/", "/es/the-masters-touch-kundalini-yoga-dvds/68_93_590/", "/es/foundations-kundalini-yoga-dvds/68_93_593/", "/es/dvd-de-yoga/", "/es/yoga-ambiente/", "/es/instrumentos-musicales/", "/es/poster-de-yoga-y-arte-mural/", "/es/yandalas-mandala-poster/", "/es/yoga-ambiente/", "/es/shakticards/", "/es/shakticards-postales-de-yoga/", "/es/shakticards-postales-mandala/", "/es/shakticards/", "/es/postales-artisticas-posters-de-yoga/", "/es/yandalas-mandala-poster/68_389_708/", "/es/tarjetas-soulflower-mandala/", "/es/postales-artisticas-posters-de-yoga/", "/es/excellent-life-yoga-study-artprints/", "/es/varitas-de-incienso-aceites-esenciales/", "/es/palitos-de-incienso-clasicos/", "/es/ha-tha-productos-aromaticos/", "/es/fiore-doriente-incienso/", "/es/varitas-de-incienso-aceites-esenciales/", "/es/vales-de-regalo/68_658/", "/es/ayurveda-productos/", "/es/tes-ayurvedicos/", "/es/yogi-tea-bolsitas/", "/es/yogi-tea-a-granel-yoga-chai/563_605_607/", "/es/set-de-regalo-de-yogi-tea/563_605_731/", "/es/yogi-chai/563_605_608/", "/es/yogi-tea-expositor/563_605_728/", "/es/shoti-maa-chakra-infusion/563_605_609/", "/es/shoti-maa-infusion-5-elementos/563_605_610/", "/es/shoti-maa-infusiones-balance-your-day/563_605_611/", "/es/infusiones-shoti-maa-peace-on-earth/563_605_612/", "/es/pukka-tea-pukka-herbs/", "/es/te-ayurveda-maharishi/", "/es/numi-tea/", "/es/tes-ayurvedicos/", "/es/cafe-amp-bedidas-ayurveda/", "/es/bebidas-para-el-bienestar/", "/es/cafe-de-cereales-y-chai-instantaneo/", "/es/alimentos-ayurvedicos/", "/es/arroz-basmati-dal-y-harinas-bio/", "/es/muesli-organico/", "/es/ghee-y-aceites-organicos/", "/es/azucar-ayurvedico-y-edulcorantes-organicos/563_628_636/", "/es/chyavanprash-amla-crema/563_628_642/", "/es/govinda-fruta-snacks/563_628_641/", "/es/especias-organicas-chutney-amp-co/563_640/", "/es/especias-y-hierbas-organicas/563_640_133/", "/es/mezclas-de-especias-classic-ayurveda/563_640_279/", "/es/maharishi-churnas-bio/563_640_137/", "/es/especias-organicas-chutney-amp-co/563_640/", "/es/suplementos-alimenticios-ayurvedicos/", "/es/capsulas-y-comprimidos-de-hierbas-ayurvedicas/563_644_645/", "/es/hierbas-ayurvedicas-a-granel/563_644_690/", "/es/maharishi-ayurveda-rasayanas/563_644_646/", "/es/pukka-suplementos-organicos/563_644_695/", "/es/chyavanprash-amla-crema/563_644_647/", "/es/amalaki-ayurveda-productos/563_644_648/", "/es/cosmeticos-ayurveda/563_650/", "/es/ayurveda-cuidados-faciales/563_650_194/", "/es/gel-de-ducha-ayurvedico/563_650_197/", "/es/cuidados-cabello-ayurvedicos/563_650_195/", "/es/cuidados-ayurvedicos-de-la-piel/563_650_199/", "/es/maharishi-ayurveda-cosmeticos-naturales/563_650_723/", "/es/cosmeticos-ayurveda/563_650/", "/es/cuidado-dental-y-bucal/", "/es/pasta-de-dientes-natural-dentifrico-en-polvo-y-cuidado-dental/", "/es/raspadores-de-lengua-ayurvedicos/", "/es/lavado-bucal-ayurvedico-y-cuidado-bucal/", "/es/cepillos-de-dientes-bambu-hilo-dental/", "/es/aceites-de-masaje-ayurvedico/", "/es/aceites-de-sesamo/", "/es/ayurvedic-basic-oils/", "/es/aceites-tradicionales-ayurvedicos/", "/es/maharishi-aceites-ayurvedicos/", "/es/cosmoveda-aceites-ayurvedicos/", "/es/aceites-de-masaje-ayurvedico/", "/es/neti-pots-y-cuidado-nasal/", "/es/aceites-aromaticos-ayurvedicos/563_651/", "/es/nimi-ayurveda-incienso/563_652/", "/es/vales-de-regalo/563_661/", "/es/meditacion-yoga-musica-cds/", "/es/musica-de-yoga-de-la-a-a-la-z/69_570/", "/es/kundalini-yoga-musica/69_572/", "/es/musica-de-kundalini-yoga-a-z/69_572_26/", "/es/musica-de-kundalini-yoga-sadhana/69_572_307/", "/es/musica-jap-ji-banis-kirtan-shabad/69_572_258/", "/es/kundalini-yoga-audio-programa/69_572_62/", "/es/mantra-download-vales/69_572_387/", "/es/mantra-musica/69_573/", "/es/el-este-se-encuentra-con-el-oeste/", "/es/musica-de-meditacion/69_574/", "/es/gong-meditacion-cds/69_576/", "/es/musica-de-relajacion/69_575/", "/es/rhythm-trance-dance-cds/69_577/", "/es/musica-para-la-curacion-reiki-y-ayurveda/", "/es/musicas-especiales/", "/es/musica-del-mundo/", "/es/osho-musica/", "/es/maharishi-gandharva-veda-music/", "/es/instrumentos-musicales/69_660/", "/es/vales-de-regalo/69_662/", "/es/yoga-ayurveda-libros/", "/es/kundalini-yoga-libros/94_668/", "/es/libros-de-kundalini-yoga-en-aleman/94_668_57/", "/es/libros-de-kundalini-yoga-en-ingles/94_668_58/", "/es/libros-de-kundalini-yoga-en-frances/94_668_59/", "/es/kundalini-yoga-libros/94_668/", "/es/yoga-meditacion-entrenamiento-fisico/94_669/", "/es/libros-de-ayurveda/", "/es/libros-de-cocina-ayurvedica-y-saludable/", "/es/sanacion-alternativa-y-holistica/", "/es/literature-espiritualidad-conciencia/", "/es/libros-sobre-productos-satnam/", "/es/vales-de-regalo/94_663/", "/es/infusion-ayurvedica-bio/", "/es/yogi-tea/", "/es/nuevos-yogi-tea/", "/es/yogi-tea-a-granel-yoga-chai/", "/es/yogi-tea-classic-con-especias/", "/es/yogi-tea-para-los-sentidos/", "/es/yogi-tea-formulas-ayurvedicas/", "/es/yogi-tea-para-las-mujeres/", "/es/yogi-tea-te-verde/", "/es/yogi-tea-chai-mezclas/", "/es/yogi-tea-en-forma-en-invierno/", "/es/yogi-chai/", "/es/set-de-regalo-de-yogi-tea/", "/es/yogi-tea/", "/es/shoti-maa-tea/", "/es/shoti-maa-chakra-infusion/", "/es/shoti-maa-infusion-5-elementos/", "/es/infusiones-shoti-maa-peace-on-earth/", "/es/shoti-maa-infusiones-balance-your-day/", "/es/hari-tea/", "/es/shoti-maa-tea-hari-tea-cajas-de-regalo/", "/es/pukka-tea-pukka-herbs/106_623/", "/es/te-ayurveda-maharishi/106_624/", "/es/numi-tea/106_625/", "/es/choice-te-premium/", "/es/choice-tes-negros-organicos-premium/", "/es/choice-tes-verdes-organicas-premium/", "/es/choice-te-de-hierbas-organicas-premium/", "/es/choice-tes-verdes-y-negros-a-granel/", "/es/cosmoveda-infusiones-ayurvedicas/", "/es/te-ayurvedico-organico-cosmoveda-bolsitas-de-te/", "/es/infusion-ayurvedica-bio-cosmoveda-a-granel/", "/es/cosmoveda-instant-chai/", "/es/guduchi-tulsi-ayurvedic-tea/106_626/", "/es/cafe-amp-bedidas-ayurveda/106_627/", "/es/bebidas-para-el-bienestar/106_627_280/", "/es/cafe-de-cereales-y-chai-instantaneo/106_627_129/", "/es/herbaria-infusiones-bienestar/", "/es/te-verde-biologico/", "/es/rooibos-te-biologico/", "/es/te-negro/", "/es/vales-de-regalo/106_664/", "/es/ayurvedicos-saludables-alimentos/", "/es/comida-organica/", "/es/arroz-basmati-dal-y-harinas-bio/171_631_632/", "/es/ghee-y-aceites-organicos/171_631_635/", "/es/muesli-organico/171_631_633/", "/es/azucar-ayurvedico-y-edulcorantes-organicos/", "/es/stevia-productos/", "/es/pan-de-cereales-germinados/", "/es/cremas-de-untar-amp-mantequilla-de-fruto-seco-bio/", "/es/snacks-salados/", "/es/especias-organicas-chutney-amp-co/", "/es/especias-y-hierbas-organicas/", "/es/mezclas-de-especias-classic-ayurveda/", "/es/maharishi-churnas-bio/", "/es/cosmoveda-masalas-organicos/", "/es/cosmoveda-especias-unicas-organicas/", "/es/especias-organicas-chutney-amp-co/", "/es/sal-cristalina-sal-negra-sal-gourmet/", "/es/superfoods/", "/es/govinda-fruta-snacks/", "/es/laddu-cookies-mas/", "/es/suplementos-alimenticios/", "/es/chyavanprash-amla-crema/", "/es/amalaki-ayurveda-productos/", "/es/capsulas-y-comprimidos-de-hierbas-ayurvedicas/", "/es/hierbas-ayurvedicas-a-granel/", "/es/pukka-suplementos-organicos/", "/es/maharishi-ayurveda-rasayanas/", "/es/spirulina-chlorella-cebada/", "/es/suplementos-alimenticios/", "/es/cafe-amp-bedidas-ayurveda/171_639/", "/es/bebidas-para-el-bienestar/171_639_280/", "/es/cafe-de-cereales-y-chai-instantaneo/171_639_129/", "/es/articulos-del-hogar/", "/es/vales-de-regalo/171_665/", "/es/cosmeticos-naturales/", "/es/cosmeticos-ayurveda/", "/es/ayurveda-cuidados-faciales/", "/es/gel-de-ducha-ayurvedico/", "/es/cuidados-cabello-ayurvedicos/", "/es/cuidados-ayurvedicos-de-la-piel/", "/es/maharishi-ayurveda-cosmeticos-naturales/", "/es/aceites-ayurvedicos-cosmoveda/", "/es/cosmeticos-ayurveda/", "/es/cuidado-dental-y-bucal/192_653/", "/es/pasta-de-dientes-natural-dentifrico-en-polvo-y-cuidado-dental/192_653_400/", "/es/raspadores-de-lengua-ayurvedicos/192_653_401/", "/es/lavado-bucal-ayurvedico-y-cuidado-bucal/192_653_402/", "/es/cepillos-de-dientes-bambu-hilo-dental/192_653_1061242/", "/es/rose-exclusive-cuidados-exclusivos-cmd/", "/es/aceite-de-arbol-de-te-cuidado-corporal-organico/", "/es/aloe-vera/", "/es/neem-productos/", "/es/velas-para-los-oidos-chakras/", "/es/biosun-velas-hopi-para-los-oidos/", "/es/naturhelix-velas-para-oidos-y-chakra/", "/es/neti-pots-y-cuidado-nasal/192_696/", "/es/vales-de-regalo/192_666/", "/es/conciertos-eventos-talleres/", "/es/festival-de-kundalini-yoga-y-musica-oberlethe/", "/es/swiss-kundalini-yoga-festival/", "/es/kundalini-yoga-fest-odenwald/", "/es/cursos-de-tantra-yoga-blanco/", "/es/mirabai-ceiba-in-concert/", "/es/kundalini-yoga-formacion-de-profesores-para-hombres/", "/es/snatam-kaur-concerto/", "/es/satyaa-pari-concerts-yoga-satsang/", "/es/deva-premal-amp-miten-with-manose/", "/es/lex-van-someren-como-en-el-cielo-gira/", "/es/ajeet-kaur-in-concert/", "/es/vales-de-regalo/310_667/", "https://www.satnam.de/es/specials.php", "https://www.satnam.de/es/hierbas-ayurvedicas-a-granel/?page=2", "https://www.satnam.de/es/hierbas-ayurvedicas-a-granel/?page=2", "https://www.satnam.de/es/amalaki-churna-organic-seyfried.html", "https://www.satnam.de/es/amalaki-churna-classic-ayurveda-organico-polvo.html", "https://www.satnam.de/es/amla-amalaki-organico-nimi-ayurveda.html", "https://www.satnam.de/es/amla-churna-premium-nimi-ayurveda.html", "https://www.satnam.de/es/arjuna-churna-organic-75g.html", "https://www.satnam.de/es/arjuna-churna-organico.html", "https://www.satnam.de/es/ashoka-churna-organico-100g.html", "https://www.satnam.de/es/ashwagandha-churna-organico-nimi-ayurveda.html", "https://www.satnam.de/es/ashwagandha-churna-organico-seyfried.html", "https://www.satnam.de/es/ashwagandha-churna-premium-nimi-ayurveda.html", "https://www.satnam.de/es/avipattikara-churna-organico-nimi-ayurveda.html", "https://www.satnam.de/es/avipattikara-churna-organico-seyfried.html", "https://www.satnam.de/es/avipattikara-churna-premium-nimi-ayurveda.html", "https://www.satnam.de/es/bala-churna-orgnanico-100g-seyfried.html", "https://www.satnam.de/es/bala-churna-premium-100-g.html", "https://www.satnam.de/es/bhringaraj-churna-bio-100-g.html", "https://www.satnam.de/es/bhringaraj-churna-nimi-ayurveda-organico.html", "https://www.satnam.de/es/bhumi-amalaki-organico-seyfried.html", "https://www.satnam.de/es/bhumi-amalaki-organico-nimi-ayurveda.html", "https://www.satnam.de/es/bibhitaki-churna-organico-100-g.html", "https://www.satnam.de/es/bilva-churna-bio-100g-seyfried.html", "https://www.satnam.de/es/bilva-churna-nimi-ayurveda-75g.html", "https://www.satnam.de/es/brahmi-churna-organico-seyfried.html", "https://www.satnam.de/es/brahmi-churna-nimi-ayurveda.html", "https://www.satnam.de/es/dashamula-churna-bio-seyfried.html", "https://www.satnam.de/es/dashamula-churna-bio-nimi-ayurveda.html", "https://www.satnam.de/es/dashamula-churna-premium-nimi-ayurveda.html", "https://www.satnam.de/es/gokshura-churna-bio-100-g.html", "https://www.satnam.de/es/gokshuradi-guggulu-classic-ayurveda-60g.html", "https://www.satnam.de/es/gotu-kola-mandukaparni-churna-100g.html", "https://www.satnam.de/es/guduchi-churna-organico-nimi-ayurveda.html", "https://www.satnam.de/es/guduchi-churna-organico-seyfried.html", "https://www.satnam.de/es/guduchi-churna-premium-nimi-ayurveda.html", "https://www.satnam.de/es/haritaki-churna-bio-nimi-ayurveda.html", "https://www.satnam.de/es/haritaki-churna-bio-seyfried-100-g.html", "https://www.satnam.de/es/haritaki-churna-premium-nimi-ayurveda.html", "https://www.satnam.de/es/hingvashtak-churna-100-g-nimi-ayurveda.html", "https://www.satnam.de/es/hojas-de-alholva-kasoori-methi.html", "https://www.satnam.de/es/karela-churna-organico-100g.html", "https://www.satnam.de/es/karela-churna-premium-nimi-ayurveda.html", "https://www.satnam.de/es/kavcha-churna-atmagupta-bio.html", "https://www.satnam.de/es/kutaja-churna-organico-100g.html", "https://www.satnam.de/es/kutaja-churna-premium-nimi-ayurveda.html", "https://www.satnam.de/es/mandukaparni-churna-gotu-kola-organico-100g.html", "https://www.satnam.de/es/manjista-churna-organico-nimi-ayurveda.html", "https://www.satnam.de/es/manjistha-churna-otrganico-seyfried.html", "https://www.satnam.de/es/moringa-en-polvo-organico-govinda-200g.html", "https://www.satnam.de/es/moringa-powder-bio-75g.html", "https://www.satnam.de/es/mustha-churna-premium-nimi-ayurveda.html", "https://www.satnam.de/es/neem-nimba-churna-bio.html", "https://www.satnam.de/es/neem-churna-organico-nimi-ayurveda.html", "https://www.satnam.de/es/neem-churna-premium-nimi-ayurveda.html", "https://www.satnam.de/es/pippali-pimienta-larga-molida-bio-100-g.html", "https://www.satnam.de/es/punarnava-churna-bio-100-g-seyfried.html", "https://www.satnam.de/es/punarnava-churna-nimi-ayurveda.html", "https://www.satnam.de/es/sariva-churna-sarsaparilla-bio-100-g-seyfried.html", "https://www.satnam.de/es/sariva-churna-sarsaparilla-100g.html", "https://www.satnam.de/es/shallaki-churna-incienso-indio-organico.html", "https://www.satnam.de/es/shankapushpi-churna-organico-seyfried-100g.html", "https://www.satnam.de/es/shankapushpi-churna-premium-nimi-ayurveda.html", "https://www.satnam.de/es/hierbas-ayurvedicas-a-granel/?page=2", "https://www.satnam.de/es/hierbas-ayurvedicas-a-granel/?page=2", "https://www.satnam.de/es/ayurvedicos-saludables-alimentos/", "https://www.satnam.de/es/suplementos-alimenticios/", "https://www.satnam.de/es/nuevo/suplementos-alimenticios/", "https://www.satnam.de/es/chyavanprash-amla-crema/", "https://www.satnam.de/es/amalaki-ayurveda-productos/", "https://www.satnam.de/es/capsulas-y-comprimidos-de-hierbas-ayurvedicas/", "https://www.satnam.de/es/hierbas-ayurvedicas-a-granel/", "https://www.satnam.de/es/pukka-suplementos-organicos/", "https://www.satnam.de/es/maharishi-ayurveda-rasayanas/", "https://www.satnam.de/es/spirulina-chlorella-cebada/", "https://www.satnam.de/es/suplementos-alimenticios-especiales/", "https://www.satnam.de/es/ugo-de-aloe-amp-jugo-de-noni/", "https://www.satnam.de/es/ashwagandha-churna-organico-seyfried.html", "https://www.satnam.de/es/triphala-churna-organico-seyfried.html", "https://www.satnam.de/es/neem-nimba-churna-bio.html", "https://www.satnam.de/es/dashamula-churna-bio-seyfried.html", "https://www.satnam.de/es/sariva-churna-sarsaparilla-bio-100-g-seyfried.html", "https://www.satnam.de/es/brahmi-churna-organico-seyfried.html", "https://www.satnam.de/es/trikatu-churna-organico-seyfried.html", "https://www.satnam.de/es/guduchi-churna-organico-seyfried.html", "https://www.satnam.de/es/bala-churna-orgnanico-100g-seyfried.html", "https://www.satnam.de/es/amalaki-churna-organic-seyfried.html", "https://www.satnam.de/es/haritaki-churna-bio-seyfried-100-g.html", "https://www.satnam.de/es/hingvashtak-churna-100-g-nimi-ayurveda.html", "https://www.satnam.de/es/manjistha-churna-otrganico-seyfried.html", "https://www.satnam.de/es/gokshura-churna-bio-100-g.html", "https://www.satnam.de/es/bhumi-amalaki-organico-seyfried.html", "https://www.satnam.de/es/bhringaraj-churna-bio-100-g.html", "https://www.satnam.de/es/avipattikara-churna-premium-nimi-ayurveda.html", "https://www.satnam.de/es/dashamula-churna-premium-nimi-ayurveda.html", "https://www.satnam.de/es/sitopaladi-churna-organico-100-g-seyfried.html", "https://www.satnam.de/es/hojas-de-alholva-kasoori-methi.html", "https://www.satnam.de/es/bala-churna-premium-100-g.html", "https://www.satnam.de/es/punarnava-churna-bio-100-g-seyfried.html", "https://www.satnam.de/es/arjuna-churna-organico.html", "https://www.satnam.de/es/shankapushpi-churna-organico-seyfried-100g.html", "https://www.satnam.de/es/ashwagandha-churna-organico-seyfried.html", "https://www.satnam.de/es/triphala-churna-organico-seyfried.html", "https://www.satnam.de/es/neem-nimba-churna-bio.html", "https://www.satnam.de/es/dashamula-churna-bio-seyfried.html", "https://www.satnam.de/es/sariva-churna-sarsaparilla-bio-100-g-seyfried.html", "https://www.satnam.de/es/brahmi-churna-organico-seyfried.html", "https://www.satnam.de/es/trikatu-churna-organico-seyfried.html", "https://www.satnam.de/es/guduchi-churna-organico-seyfried.html", "https://www.satnam.de/es/bala-churna-orgnanico-100g-seyfried.html", "https://www.satnam.de/es/amalaki-churna-organic-seyfried.html", "https://www.satnam.de/es/haritaki-churna-bio-seyfried-100-g.html", "https://www.satnam.de/es/hingvashtak-churna-100-g-nimi-ayurveda.html", "https://www.satnam.de/es/manjistha-churna-otrganico-seyfried.html", "https://www.satnam.de/es/gokshura-churna-bio-100-g.html", "https://www.satnam.de/es/bhumi-amalaki-organico-seyfried.html", "https://www.satnam.de/es/bhringaraj-churna-bio-100-g.html", "https://www.satnam.de/es/avipattikara-churna-premium-nimi-ayurveda.html", "https://www.satnam.de/es/dashamula-churna-premium-nimi-ayurveda.html", "https://www.satnam.de/es/sitopaladi-churna-organico-100-g-seyfried.html", "https://www.satnam.de/es/hojas-de-alholva-kasoori-methi.html", "https://www.satnam.de/es/bala-churna-premium-100-g.html", "https://www.satnam.de/es/punarnava-churna-bio-100-g-seyfried.html", "https://www.satnam.de/es/arjuna-churna-organico.html", "https://www.satnam.de/es/shankapushpi-churna-organico-seyfried-100g.html", "https://www.satnam.de/es/sat-nam-lounge.php", "https://www.satnam.de/es/sat-nam-lounge.php", "https://www.satnam.de/es/sat-nam-lounge.php", "https://www.satnam.de/es/kundalini-yoga.php", "https://www.satnam.de/es/yoga.php", "https://www.satnam.de/es/ayurveda.php", "https://www.satnam.de/es/music.php", "https://www.satnam.de/es/books.php", "https://www.satnam.de/es/tea.php", "https://www.satnam.de/es/nahrungsergaenzungen.php", "https://www.satnam.de/es/cosmetics.php", "https://www.satnam.de/es/toplinks.php", "#top", "/es/impressum.php", "https://www.satnam.de/es/payment_shipping.php", "https://www.satnam.de/es/payment_shipping.php", "https://www.satnam.de/de/ayurveda-kraeuter-lose/", "https://www.satnam.de/en/ayurvedic-herbs-loose/", "https://www.satnam.de/fr/herbes-ayurvediques-en-vrac/", "https://www.satnam.de/es/hierbas-ayurvedicas-a-granel/", "https://www.satnam.de/es/discounts.php", "https://www.satnam.de/es/conditions-wholesale.php", "https://www.satnam.de/es/affiliate_info.php", "https://www.satnam.de/es/reservation.php", "https://www.satnam.de/es/sat-nam-lounge.php", "https://www.satnam.de/es/toplinks.php", "https://www.satnam.de/es/payment_shipping.php", "https://www.satnam.de/es/contact_us.php", "https://www.satnam.de/es/impressum.php", "https://www.satnam.de/es/conditions.php", "https://www.satnam.de/es/withdraw.php", "https://www.satnam.de/es/privacy.php", "https://www.satnam.de/es/battery.php", "https://www.satnam.de/es/about_us.php", "https://www.haendlerbund.de/kaeufersiegel/ecommerce-europe-trustmark/zertifikat/?uuid=db5fa880-c253-11e4-bc3a-14dae9b38da3-1823898434", "/pdf/Bio-Zertifikat_SATNAM.pdf", "/pdf/Bio-Zertifikat_SATNAM.pdf", "http://www.bdih.de/", "http://www.bdih.de/", "https://www.facebook.com/SatNam.eu.International/", "http://www.yogipress.de/index.php/fr/", "https://www.mantradownload.com/", "/es/privacy.php", "javascript:$('.toggle-dsgvo-details').toggle('slow');void(0);", "https://www.satnam.de/es/impressum.php", "javascript:cookieConsentAccept();"]}