{"title": "Maharishi Ayurveda Cosm\u00e9ticos Naturales", "author": null, "url": "https://www.satnam.de/es/maharishi-ayurveda-cosmeticos-naturales/", "hostname": "satnam.de", "description": "Productos de Cosm\u00e9tica Natural de Maharishi Ayurveda elaborados seg\u00fan recetas tradicionales para un cuidado \u00f3ptimo de la piel suave y el cabello sedoso.", "sitename": "satnam.de", "date": "2020-12-16", "id": null, "license": null, "body": null, "comments": "", "commentsbody": null, "raw_text": null, "text": "Cosm\u00e9ticos Naturales Maharishi Ayurveda\nProductos de Cosm\u00e9tica Natural de Maharishi Ayurveda elaborados seg\u00fan recetas tradicionales para un cuidado \u00f3ptimo de la piel suave y el cabello sedoso.\n[\nPitta Body Lotion Maharishi, 200 ml ](https://www.satnam.de/es/pitta-body-lotion-maharishi-200-ml.html)\n33,95 \u20ac 169,75 \u20ac / l\nen existencia 1-3 d\u00edas\n[\nVata Body Lotion Maharishi, 200 ml ](https://www.satnam.de/es/vata-body-lotion-maharishi-200-ml.html)\n33,95 \u20ac 169,75 \u20ac / l\nen existencia 1-3 d\u00edas\n[\nAceite de masaje Vata Maharishi BDIH, 200 ml ](https://www.satnam.de/es/aceite-de-masaje-vata-maharishi-bdih-200-ml.html)\n21,95 \u20ac 109,75 \u20ac / l\nen existencia 1-3 d\u00edas\n[\nJab\u00f3n vegetal Maharishi Vata, 100 g ](https://www.satnam.de/es/jabon-vegetal-maharishi-vata.html)\n5,95 \u20ac 59,50 \u20ac / kg\nen existencia 1-3 d\u00edas\n[\nVata crema de cuidados faciales Maharishi, 75 ml ](https://www.satnam.de/es/vata-crema-de-cuidados-faciales-maharishi-75-ml.html)\n42,95 \u20ac 572,66 \u20ac / l\nen existencia 1-3 d\u00edas\n[\nAceite de masaje Pitta Maharishi BDIH, 200 ml ](https://www.satnam.de/es/aceite-de-masaje-pitta-maharishi-bdih-200-ml.html)\n21,95 \u20ac 109,75 \u20ac / l\nen existencia 1-3 d\u00edas\n[\nCrema de cuidado facial Pitta Maharishi, 75 ml ](https://www.satnam.de/es/crema-de-cuidado-facial-pitta-maharishi-75-ml.html)\n42,95 \u20ac 572,66 \u20ac / l\nen existencia 1-3 d\u00edas\n[\nJab\u00f3n vegetal Maharishi Mtc Pitta, 100 g ](https://www.satnam.de/es/jabon-vegetal-maharishi-pitta-100-g.html)\n5,95 \u20ac 59,50 \u20ac / kg\nen existencia 1-3 d\u00edas\n[\nCrema Regeneradora Revital para la cara Maharishi, 75 ml ](https://www.satnam.de/es/crema-regeneradora-maharishi-75-ml.html)\n42,95 \u20ac 572,66 \u20ac / l\nen existencia 1-3 d\u00edas\n[\nJab\u00f3n vegetal Kapha Maharishi Mtc, 100 g ](https://www.satnam.de/es/jabon-vegetal-kapha-maharishi-100-g.html)\n5,95 \u20ac 59,50 \u20ac / kg\nSin existencias\n[\nAceite de masaje Kapha Maharishi BDIH, 200 ml ](https://www.satnam.de/es/aceite-de-masaje-kapha-maharishi-bdih-200-ml.html)\n21,95 \u20ac 109,75 \u20ac / l\nen existencia 1-3 d\u00edas\n[\nJab\u00f3n Herbal Maharishi Rose Mtc, 100 g ](https://www.satnam.de/es/jabon-herbal-maharishi-rose-100-g.html)\n5,95 \u20ac 59,50 \u20ac / kg\nen existencia 1-3 d\u00edas\n[\nVata Champ\u00fa Herbal Maharishi, 200 ml ](https://www.satnam.de/es/vata-champu-maharishi.html)\n13,59 \u20ac 67,95 \u20ac / l\nen existencia 1-3 d\u00edas\n[\nCleansing Milk Maharishi, 200 ml ](https://www.satnam.de/es/cleansing-milk-maharishi-200-ml.html)\n29,95 \u20ac 149,75 \u20ac / l\nen existencia 1-3 d\u00edas\n[\nJab\u00f3n de Neem Maharishi Mtc, 100g ](https://www.satnam.de/es/jabon-de-neem-maharishi.html)\n5,95 \u20ac 59,50 \u20ac / kg\nen existencia 1-3 d\u00edas\n[\nPitta Champ\u00fa herbal Maharishi BDIH,200 ml ](https://www.satnam.de/es/pitta-campu-maharishi.html)\n13,59 \u20ac 67,95 \u20ac / l\nen existencia 1-3 d\u00edas\n[\nKapha Maharishi BDIH Champ\u00fa de hierbas, 200 ml ](https://www.satnam.de/es/kapha-champu-maharishi.html)\n13,59 \u20ac 67,95 \u20ac / l\nen existencia 1-3 d\u00edas\n[\nT\u00f3nico para la piel Maharishi, 75 ml ](https://www.satnam.de/es/tonico-para-la-piel-maharishi-75-ml.html)\n38,95 \u20ac 519,33 \u20ac / l\nen existencia 1-3 d\u00edas\n[\nRadiant Skin Face Oil Maharishi, 7 ml ](https://www.satnam.de/es/radiant-skin-face-oil-maharishi-7-ml.html)\n11,95 \u20ac 1.707,14 \u20ac / l\nSin existencias\n[\nAyur Flex Aceite de hierbas (MA 929), 100 ml ](https://www.satnam.de/es/ayurflex-aceite-de-masaje-maharishi-100-ml.html)\n24,80 \u20ac 248,00 \u20ac / l\nen existencia 1-3 d\u00edas\n[\nAceite capilar Vata Maharishi org\u00e1nico, 100 ml ](https://www.satnam.de/es/aceite-capilar-vata-maharishi-organico.html)\n21,95 \u20ac 219,50 \u20ac / l\nen existencia 1-3 d\u00edas\n[\nAceite capilar Pitta Maharishi org\u00e1nico, 100 ml ](https://www.satnam.de/es/aceite-capilar-pitta-maharishi-organico.html)\n21,95 \u20ac 219,50 \u20ac / l\nen existencia 1-3 d\u00edas\n[\nAceite capilar Kapha Maharishi org\u00e1nico, 100 ml ](https://www.satnam.de/es/aceite-capilar-kapha-maharishi-organico.html)\n21,95 \u20ac 219,50 \u20ac / l\nen existencia 1-3 d\u00edas\nCosm\u00e9ticos Maharishi Ayurveda - naturalmente atractivo y hermoso\nLa Cosm\u00e9tica Natural Maharishi Ayurveda ofrece un cuidado natural y \u00f3ptimo para una piel uniforme, suave y un cabello sedoso y brillante. La amplia gama de productos cosm\u00e9ticos naturales ayurv\u00e9dicos se prepara cuidadosamente de acuerdo con las recetas tradicionales ayurv\u00e9dicas y se ajusta con precisi\u00f3n en su composici\u00f3n a los tres tipos de Dosha. As\u00ed, se puede encontrar el producto cosm\u00e9tico natural perfectamente adecuado para la limpieza suave y el cuidado intensivo de la piel y el cabello para cada uno de los tres tipos de Dosha:\nVata \u2013 propenso a la piel seca\nPitta \u2013 propenso a la piel sensible\nKapha \u2013 propenso a la piel grasa\nCalidad, pureza y sostenibilidad\nEn la producci\u00f3n de cosm\u00e9ticos naturales de Maharishi Ayurveda, se presta atenci\u00f3n no s\u00f3lo a la calidad, sino tambi\u00e9n a la sostenibilidad. No s\u00f3lo se mima la piel y el cabello con exquisitas hierbas, sino tambi\u00e9n el alma y la mente. Maravillosas fragancias y aceites de alta calidad apoyan su propia belleza natural.\nCertificado por BDIH: cosm\u00e9ticos naturales controlados\nCosmos Certificaci\u00f3n Natural para muchos productos\nCuidado facial Maharishi Ayurveda\nTodos queremos una piel natural, fresca, suave, uniforme, sana y atractiva. La serie de cuidados faciales de Maharishi Ayurveda proporciona una experiencia reparadora \u00fanica. Los aceites de alta calidad nutren e hidratan la piel, las plantas y hierbas preciosas la cuidan y estimulan. Los ingredientes naturales y equilibrados apoyan el equilibrio natural de la piel y, por lo tanto, promueven la belleza hol\u00edstica y el resplandor. Las cremas y geles ayurv\u00e9dicos de Maharishi se elaboran seg\u00fan las recetas ayurv\u00e9dicas tradicionales y est\u00e1n siendo controladas por laboratorios independientes.\nMaharishi Ayurveda Cuidado corporales y Aceites de Hierbas\nEl cuidado corporal ayurv\u00e9dico abarca recetas tradicionales con una amplia gama de preciosos aceites de masaje, aceites de hierbas, limpieza suave, geles de ducha intensamente nutritivos, lociones corporales aterciopeladas e incluso jabones a base de plantas puras. Todos los productos de cuidado corporal de Maharishi Ayurveda est\u00e1n compuestos por exquisitas hierbas y aceites arom\u00e1ticos naturales bellamente perfumados. Son puramente veganos y apoyan una belleza y carisma hol\u00edstico y natural. Son adecuados para todos los tipos de piel, o especialmente adaptados al tipo de Dosha individual.\nCuidado del cabello de Maharishi Ayurveda\nYa sea seco y quebradizo, fino y delgado, o fuerte y grasiento, la serie de cuidados capilares de Maharishi Ayurveda ofrece un cuidado especialmente suave y natural para todo tipo de cabello. La combinaci\u00f3n \u00fanica de hierbas, flores y frutas originales del Ayurveda proporciona un cabello sedoso, suave, brillante y maravillosamente fragante. Hecho en la India seg\u00fan recetas aut\u00e9nticas, con aceites esenciales 100% naturales.\nCuidados bucales de Maharishi Ayurveda\nEmpezar el d\u00eda con un aliento fresco y una sonrisa radiante es la sabidur\u00eda del Ayurveda. Por lo tanto, la limpieza y el cuidado de los dientes, la lengua y la boca goza de una especial atenci\u00f3n en la tradici\u00f3n ayurv\u00e9dica. Las pastas de dientes, los enjuagues bucales y los limpiadores de lengua ayurv\u00e9dicos de Maharishi Ayurveda son especialmente recomendados para ello.\nLas pastas dentales de Maharishi proporcionan neem y una variedad de otras hierbas y aceites ayurv\u00e9dicos para un cuidado dental completo, suave y natural, sin agentes espumantes ni fluoruros. En la tradici\u00f3n de Ayurveda, sin embargo, no s\u00f3lo los dientes sino tambi\u00e9n la lengua se limpia de dep\u00f3sitos y bacterias. Un enjuague bucal ayurv\u00e9dico da a la boca, la garganta y el aliento una sensaci\u00f3n natural de frescura, mientras que el cl\u00e1sico raspador de lengua libera eficazmente la lengua de los residuos.", "language": null, "image": "https://www.satnam.de/images/Maharishi-Ayurveda-Kosmetik-Kategorie.jpg", "pagetype": "website", "links": ["https://www.satnam.de/es/", "#navi-items-top", "#quick-search", "#navi-account", "#navi-service", "#language-switch", "#shopping-cart", "javascript:toggleNavi('headerAccount');", "https://www.satnam.de/es/password_forgotten.php", "https://www.satnam.de/es/create_account.php", "https://www.satnam.de/es/create_account.php?yogateacher=1", "https://www.satnam.de/es/create_account.php?trader=1", "https://www.satnam.de/es/create_guestaccount.php", "javascript:toggleNavi('headerDiscount');", "https://www.satnam.de/es/discounts.php", "https://www.satnam.de/es/conditions-wholesale.php", "https://www.satnam.de/es/affiliate_info.php", "https://www.satnam.de/es/payment_shipping.php", "javascript:toggleNavi('headerService');", "https://www.satnam.de/es/newsletter.php", "https://www.satnam.de/es/vales-de-regalo/", "https://www.satnam.de/es/reservation.php", "https://www.satnam.de/es/preislisten/", "https://www.satnam.de/es/contact_us.php", "https://www.satnam.de/es/payment_shipping.php", "https://www.satnam.de/es/conditions.php", "https://www.satnam.de/es/withdraw.php", "https://www.satnam.de/es/privacy.php", "https://www.satnam.de/es/battery.php", "https://www.satnam.de/es/impressum.php", "https://www.satnam.de/es/about_us.php", "https://www.satnam.de/es/toplinks.php", "https://www.satnam.de/es/conditions-wholesale.php", "https://www.satnam.de/de/maharishi-ayurveda-naturkosmetik/", "https://www.satnam.de/en/maharishi-ayurveda-natural-cosmetics/", "https://www.satnam.de/fr/maharishi-ayurveda-cosmetiques-naturels/", "https://www.satnam.de/es/maharishi-ayurveda-cosmeticos-naturales/", "https://www.satnam.de/es/shopping_cart.php", "/es/novedades-sat-nam-shop/", "/es/kundalini-yoga-productos/", "/es/kundalini-yoga-musica/", "/es/musica-de-kundalini-yoga-a-z/", "/es/musica-de-kundalini-yoga-sadhana/", "/es/musica-jap-ji-banis-kirtan-shabad/", "/es/kundalini-yoga-audio-programa/", "/es/mantra-download-vales/", "/es/kundalini-yoga-libros/", "/es/libros-de-kundalini-yoga-en-aleman/", "/es/libros-de-kundalini-yoga-en-ingles/", "/es/libros-de-kundalini-yoga-en-frances/", "/es/libros-holandeses-de-kundalini-yoga/", "/es/libros-de-kundalini-yoga-en-espanol-y-portugues/", "/es/kundalini-yoga-libros/", "/es/videos-de-kundalini-yoga/", "/es/videos-kundalini-yoga-aleman/", "/es/videos-de-kundalini-yoga-kriyas/", "/es/kundalini-yoga-dvd-para-mujeres/", "/es/chakra-yoga-dvd/", "/es/rebirthing-kundalini-yoga-dvd/", "/es/the-masters-touch-kundalini-yoga-dvds/", "/es/foundations-kundalini-yoga-dvds/", "/es/videos-de-kundalini-yoga/", "/es/yoga-gems-kundalini-yoga-cd-roms/", "/es/fotos-posters-y-postales-de-kundalini/25_705/", "/es/ropa-de-kundalini-yoga/25_715/", "/es/yoga-cubre-cabeza-tela-para-turbante/", "/es/tantric-necklace-malas/25_717/", "/es/sikh-karas-and-kirpans/", "/es/karas-de-acero-plano/", "/es/sikh-karas-mantra-grabado/", "/es/sikh-karas-acero-laton/", "/es/sikh-karas-negro-oro-grabado/", "/es/khalsa-kirpans-dagas-espirituales/", "/es/vales-de-regalo/25_707/", "/es/yoga-productos/", "/es/esterillas-de-yoga/", "/es/esteras-de-yoga-naturales/", "/es/fundas-para-esterillas-de-yoga-natural/", "/es/esterillas-de-yoga-yogimat-basic/", "/es/esterilla-de-yoga-studio-ako-yoga/", "/es/esterillas-de-yoga/", "/es/bolsos-de-yoga-para-esterillas-de-yoga/", "/es/bolsos-de-yoga-sat-nam/", "/es/yogibag-bolsos-de-yoga/", "/es/bolsos-de-yoga-para-esterillas-de-yoga/", "/es/cojines-de-meditacion/", "/es/cojin-de-meditacion-classic/", "/es/cojin-de-meditacion-moon/", "/es/cojin-de-meditacion-isla/", "/es/cojines-de-meditacion/", "/es/conjuntos-de-yoga-para-principiantes/", "/es/accesorios-de-yoga/", "/es/taburetes-de-meditacion-y-yoga/", "/es/yoga-props/", "/es/yogitowel-de-yogistar/", "/es/chales-de-meditacion-y-mantas/68_568_693/", "/es/temporizadores-para-yoga-y-meditacion/", "/es/ropa-de-yoga/", "/es/ropa-de-kundalini-yoga/", "/es/vapus-ropa-de-yoga-organica/", "/es/the-spirit-of-om-ropa-de-yoga/", "/es/ropa-de-yoga/", "/es/joyas-para-el-yoga/", "/es/karas-de-acero-plano/68_414_598/", "/es/sikh-karas-mantra-grabado/68_414_599/", "/es/sikh-karas-acero-laton/68_414_600/", "/es/joyas-para-el-yoga/", "/es/musica-de-yoga/", "/es/musica-de-yoga-de-la-a-a-la-z/", "/es/musica-de-kundalini-yoga-a-z/68_569_571/", "/es/mantra-musica/", "/es/musica-de-meditacion/", "/es/musica-de-relajacion/", "/es/rhythm-trance-dance-cds/", "/es/gong-meditacion-cds/", "/es/libros-de-yoga/", "/es/yoga-meditacion-entrenamiento-fisico/", "/es/libros-de-kundalini-yoga-en-aleman/68_578_580/", "/es/libros-de-kundalini-yoga-en-ingles/68_578_581/", "/es/libros-de-kundalini-yoga-en-frances/68_578_582/", "/es/libros-de-kundalini-yoga-en-espanol-y-portugues/68_578_584/", "/es/libros-de-yoga/", "/es/dvd-de-yoga/", "/es/dvd-de-yoga-inspiracion-y-estilo-de-vida/", "/es/videos-kundalini-yoga-aleman/68_93_586/", "/es/videos-de-kundalini-yoga-kriyas/68_93_587/", "/es/kundalini-yoga-dvd-para-mujeres/68_93_588/", "/es/chakra-yoga-dvd/68_93_589/", "/es/rebirthing-kundalini-yoga-dvd/68_93_591/", "/es/the-masters-touch-kundalini-yoga-dvds/68_93_590/", "/es/foundations-kundalini-yoga-dvds/68_93_593/", "/es/dvd-de-yoga/", "/es/yoga-ambiente/", "/es/instrumentos-musicales/", "/es/poster-de-yoga-y-arte-mural/", "/es/yandalas-mandala-poster/", "/es/yoga-ambiente/", "/es/shakticards/", "/es/shakticards-postales-de-yoga/", "/es/shakticards-postales-mandala/", "/es/shakticards/", "/es/postales-artisticas-posters-de-yoga/", "/es/yandalas-mandala-poster/68_389_708/", "/es/tarjetas-soulflower-mandala/", "/es/postales-artisticas-posters-de-yoga/", "/es/excellent-life-yoga-study-artprints/", "/es/varitas-de-incienso-aceites-esenciales/", "/es/palitos-de-incienso-clasicos/", "/es/ha-tha-productos-aromaticos/", "/es/fiore-doriente-incienso/", "/es/varitas-de-incienso-aceites-esenciales/", "/es/vales-de-regalo/68_658/", "/es/ayurveda-productos/", "/es/tes-ayurvedicos/", "/es/yogi-tea-bolsitas/", "/es/yogi-tea-a-granel-yoga-chai/563_605_607/", "/es/set-de-regalo-de-yogi-tea/563_605_731/", "/es/yogi-chai/563_605_608/", "/es/yogi-tea-expositor/563_605_728/", "/es/shoti-maa-chakra-infusion/563_605_609/", "/es/shoti-maa-infusion-5-elementos/563_605_610/", "/es/shoti-maa-infusiones-balance-your-day/563_605_611/", "/es/infusiones-shoti-maa-peace-on-earth/563_605_612/", "/es/pukka-tea-pukka-herbs/", "/es/te-ayurveda-maharishi/", "/es/numi-tea/", "/es/tes-ayurvedicos/", "/es/cafe-amp-bedidas-ayurveda/", "/es/bebidas-para-el-bienestar/", "/es/cafe-de-cereales-y-chai-instantaneo/", "/es/alimentos-ayurvedicos/", "/es/arroz-basmati-dal-y-harinas-bio/", "/es/muesli-organico/", "/es/ghee-y-aceites-organicos/", "/es/azucar-ayurvedico-y-edulcorantes-organicos/563_628_636/", "/es/chyavanprash-amla-crema/563_628_642/", "/es/govinda-fruta-snacks/563_628_641/", "/es/especias-organicas-chutney-amp-co/563_640/", "/es/especias-y-hierbas-organicas/563_640_133/", "/es/mezclas-de-especias-classic-ayurveda/563_640_279/", "/es/maharishi-churnas-bio/563_640_137/", "/es/especias-organicas-chutney-amp-co/563_640/", "/es/suplementos-alimenticios-ayurvedicos/", "/es/capsulas-y-comprimidos-de-hierbas-ayurvedicas/563_644_645/", "/es/hierbas-ayurvedicas-a-granel/563_644_690/", "/es/maharishi-ayurveda-rasayanas/563_644_646/", "/es/pukka-suplementos-organicos/563_644_695/", "/es/chyavanprash-amla-crema/563_644_647/", "/es/amalaki-ayurveda-productos/563_644_648/", "/es/cosmeticos-ayurveda/563_650/", "/es/ayurveda-cuidados-faciales/563_650_194/", "/es/gel-de-ducha-ayurvedico/563_650_197/", "/es/cuidados-cabello-ayurvedicos/563_650_195/", "/es/cuidados-ayurvedicos-de-la-piel/563_650_199/", "/es/maharishi-ayurveda-cosmeticos-naturales/563_650_723/", "/es/cosmeticos-ayurveda/563_650/", "/es/cuidado-dental-y-bucal/", "/es/pasta-de-dientes-natural-dentifrico-en-polvo-y-cuidado-dental/", "/es/raspadores-de-lengua-ayurvedicos/", "/es/lavado-bucal-ayurvedico-y-cuidado-bucal/", "/es/cepillos-de-dientes-bambu-hilo-dental/", "/es/aceites-de-masaje-ayurvedico/", "/es/aceites-de-sesamo/", "/es/ayurvedic-basic-oils/", "/es/aceites-tradicionales-ayurvedicos/", "/es/maharishi-aceites-ayurvedicos/", "/es/cosmoveda-aceites-ayurvedicos/", "/es/aceites-de-masaje-ayurvedico/", "/es/neti-pots-y-cuidado-nasal/", "/es/aceites-aromaticos-ayurvedicos/563_651/", "/es/nimi-ayurveda-incienso/563_652/", "/es/vales-de-regalo/563_661/", "/es/meditacion-yoga-musica-cds/", "/es/musica-de-yoga-de-la-a-a-la-z/69_570/", "/es/kundalini-yoga-musica/69_572/", "/es/musica-de-kundalini-yoga-a-z/69_572_26/", "/es/musica-de-kundalini-yoga-sadhana/69_572_307/", "/es/musica-jap-ji-banis-kirtan-shabad/69_572_258/", "/es/kundalini-yoga-audio-programa/69_572_62/", "/es/mantra-download-vales/69_572_387/", "/es/mantra-musica/69_573/", "/es/el-este-se-encuentra-con-el-oeste/", "/es/musica-de-meditacion/69_574/", "/es/gong-meditacion-cds/69_576/", "/es/musica-de-relajacion/69_575/", "/es/rhythm-trance-dance-cds/69_577/", "/es/musica-para-la-curacion-reiki-y-ayurveda/", "/es/musicas-especiales/", "/es/musica-del-mundo/", "/es/osho-musica/", "/es/maharishi-gandharva-veda-music/", "/es/instrumentos-musicales/69_660/", "/es/vales-de-regalo/69_662/", "/es/yoga-ayurveda-libros/", "/es/kundalini-yoga-libros/94_668/", "/es/libros-de-kundalini-yoga-en-aleman/94_668_57/", "/es/libros-de-kundalini-yoga-en-ingles/94_668_58/", "/es/libros-de-kundalini-yoga-en-frances/94_668_59/", "/es/kundalini-yoga-libros/94_668/", "/es/yoga-meditacion-entrenamiento-fisico/94_669/", "/es/libros-de-ayurveda/", "/es/libros-de-cocina-ayurvedica-y-saludable/", "/es/sanacion-alternativa-y-holistica/", "/es/literature-espiritualidad-conciencia/", "/es/libros-sobre-productos-satnam/", "/es/vales-de-regalo/94_663/", "/es/infusion-ayurvedica-bio/", "/es/yogi-tea/", "/es/nuevos-yogi-tea/", "/es/yogi-tea-a-granel-yoga-chai/", "/es/yogi-tea-classic-con-especias/", "/es/yogi-tea-para-los-sentidos/", "/es/yogi-tea-formulas-ayurvedicas/", "/es/yogi-tea-para-las-mujeres/", "/es/yogi-tea-te-verde/", "/es/yogi-tea-chai-mezclas/", "/es/yogi-tea-en-forma-en-invierno/", "/es/yogi-chai/", "/es/set-de-regalo-de-yogi-tea/", "/es/yogi-tea/", "/es/shoti-maa-tea/", "/es/shoti-maa-chakra-infusion/", "/es/shoti-maa-infusion-5-elementos/", "/es/infusiones-shoti-maa-peace-on-earth/", "/es/shoti-maa-infusiones-balance-your-day/", "/es/hari-tea/", "/es/shoti-maa-tea-hari-tea-cajas-de-regalo/", "/es/pukka-tea-pukka-herbs/106_623/", "/es/te-ayurveda-maharishi/106_624/", "/es/numi-tea/106_625/", "/es/choice-te-premium/", "/es/choice-tes-negros-organicos-premium/", "/es/choice-tes-verdes-organicas-premium/", "/es/choice-te-de-hierbas-organicas-premium/", "/es/choice-tes-verdes-y-negros-a-granel/", "/es/cosmoveda-infusiones-ayurvedicas/", "/es/te-ayurvedico-organico-cosmoveda-bolsitas-de-te/", "/es/infusion-ayurvedica-bio-cosmoveda-a-granel/", "/es/cosmoveda-instant-chai/", "/es/guduchi-tulsi-ayurvedic-tea/106_626/", "/es/cafe-amp-bedidas-ayurveda/106_627/", "/es/bebidas-para-el-bienestar/106_627_280/", "/es/cafe-de-cereales-y-chai-instantaneo/106_627_129/", "/es/herbaria-infusiones-bienestar/", "/es/te-verde-biologico/", "/es/rooibos-te-biologico/", "/es/te-negro/", "/es/vales-de-regalo/106_664/", "/es/ayurvedicos-saludables-alimentos/", "/es/comida-organica/", "/es/arroz-basmati-dal-y-harinas-bio/171_631_632/", "/es/ghee-y-aceites-organicos/171_631_635/", "/es/muesli-organico/171_631_633/", "/es/azucar-ayurvedico-y-edulcorantes-organicos/", "/es/stevia-productos/", "/es/pan-de-cereales-germinados/", "/es/cremas-de-untar-amp-mantequilla-de-fruto-seco-bio/", "/es/snacks-salados/", "/es/especias-organicas-chutney-amp-co/", "/es/especias-y-hierbas-organicas/", "/es/mezclas-de-especias-classic-ayurveda/", "/es/maharishi-churnas-bio/", "/es/cosmoveda-masalas-organicos/", "/es/cosmoveda-especias-unicas-organicas/", "/es/especias-organicas-chutney-amp-co/", "/es/sal-cristalina-sal-negra-sal-gourmet/", "/es/superfoods/", "/es/govinda-fruta-snacks/", "/es/laddu-cookies-mas/", "/es/suplementos-alimenticios/", "/es/chyavanprash-amla-crema/", "/es/amalaki-ayurveda-productos/", "/es/capsulas-y-comprimidos-de-hierbas-ayurvedicas/", "/es/hierbas-ayurvedicas-a-granel/", "/es/pukka-suplementos-organicos/", "/es/maharishi-ayurveda-rasayanas/", "/es/spirulina-chlorella-cebada/", "/es/suplementos-alimenticios/", "/es/cafe-amp-bedidas-ayurveda/171_639/", "/es/bebidas-para-el-bienestar/171_639_280/", "/es/cafe-de-cereales-y-chai-instantaneo/171_639_129/", "/es/articulos-del-hogar/", "/es/vales-de-regalo/171_665/", "/es/cosmeticos-naturales/", "/es/cosmeticos-ayurveda/", "/es/ayurveda-cuidados-faciales/", "/es/gel-de-ducha-ayurvedico/", "/es/cuidados-cabello-ayurvedicos/", "/es/cuidados-ayurvedicos-de-la-piel/", "/es/maharishi-ayurveda-cosmeticos-naturales/", "/es/aceites-ayurvedicos-cosmoveda/", "/es/cosmeticos-ayurveda/", "/es/cuidado-dental-y-bucal/192_653/", "/es/pasta-de-dientes-natural-dentifrico-en-polvo-y-cuidado-dental/192_653_400/", "/es/raspadores-de-lengua-ayurvedicos/192_653_401/", "/es/lavado-bucal-ayurvedico-y-cuidado-bucal/192_653_402/", "/es/cepillos-de-dientes-bambu-hilo-dental/192_653_1061242/", "/es/rose-exclusive-cuidados-exclusivos-cmd/", "/es/aceite-de-arbol-de-te-cuidado-corporal-organico/", "/es/aloe-vera/", "/es/neem-productos/", "/es/velas-para-los-oidos-chakras/", "/es/biosun-velas-hopi-para-los-oidos/", "/es/naturhelix-velas-para-oidos-y-chakra/", "/es/neti-pots-y-cuidado-nasal/192_696/", "/es/vales-de-regalo/192_666/", "/es/conciertos-eventos-talleres/", "/es/festival-de-kundalini-yoga-y-musica-oberlethe/", "/es/swiss-kundalini-yoga-festival/", "/es/kundalini-yoga-fest-odenwald/", "/es/cursos-de-tantra-yoga-blanco/", "/es/mirabai-ceiba-in-concert/", "/es/kundalini-yoga-formacion-de-profesores-para-hombres/", "/es/snatam-kaur-concerto/", "/es/satyaa-pari-concerts-yoga-satsang/", "/es/deva-premal-amp-miten-with-manose/", "/es/lex-van-someren-como-en-el-cielo-gira/", "/es/ajeet-kaur-in-concert/", "/es/vales-de-regalo/310_667/", "https://www.satnam.de/es/specials.php", "#categorie-description", "https://www.satnam.de/es/pitta-body-lotion-maharishi-200-ml.html", "https://www.satnam.de/es/vata-body-lotion-maharishi-200-ml.html", "https://www.satnam.de/es/aceite-de-masaje-vata-maharishi-bdih-200-ml.html", "https://www.satnam.de/es/jabon-vegetal-maharishi-vata.html", "https://www.satnam.de/es/vata-crema-de-cuidados-faciales-maharishi-75-ml.html", "https://www.satnam.de/es/aceite-de-masaje-pitta-maharishi-bdih-200-ml.html", "https://www.satnam.de/es/crema-de-cuidado-facial-pitta-maharishi-75-ml.html", "https://www.satnam.de/es/jabon-vegetal-maharishi-pitta-100-g.html", "https://www.satnam.de/es/crema-regeneradora-maharishi-75-ml.html", "https://www.satnam.de/es/jabon-vegetal-kapha-maharishi-100-g.html", "https://www.satnam.de/es/aceite-de-masaje-kapha-maharishi-bdih-200-ml.html", "https://www.satnam.de/es/jabon-herbal-maharishi-rose-100-g.html", "https://www.satnam.de/es/vata-champu-maharishi.html", "https://www.satnam.de/es/cleansing-milk-maharishi-200-ml.html", "https://www.satnam.de/es/jabon-de-neem-maharishi.html", "https://www.satnam.de/es/pitta-campu-maharishi.html", "https://www.satnam.de/es/kapha-champu-maharishi.html", "https://www.satnam.de/es/tonico-para-la-piel-maharishi-75-ml.html", "https://www.satnam.de/es/radiant-skin-face-oil-maharishi-7-ml.html", "https://www.satnam.de/es/ayurflex-aceite-de-masaje-maharishi-100-ml.html", "https://www.satnam.de/es/aceite-capilar-vata-maharishi-organico.html", "https://www.satnam.de/es/aceite-capilar-pitta-maharishi-organico.html", "https://www.satnam.de/es/aceite-capilar-kapha-maharishi-organico.html", "https://www.satnam.de/es/cosmeticos-naturales/", "https://www.satnam.de/es/cosmeticos-ayurveda/", "https://www.satnam.de/es/nuevo/cosmeticos-ayurveda/", "https://www.satnam.de/es/ayurveda-cuidados-faciales/", "https://www.satnam.de/es/gel-de-ducha-ayurvedico/", "https://www.satnam.de/es/cuidados-cabello-ayurvedicos/", "https://www.satnam.de/es/cuidados-ayurvedicos-de-la-piel/", "https://www.satnam.de/es/maharishi-ayurveda-cosmeticos-naturales/", "https://www.satnam.de/es/aceites-ayurvedicos-cosmoveda/", "https://www.satnam.de/es/lakshmi-ayurveda-kajals/", "https://www.satnam.de/es/soultree-kajals-ayurvedicos/", "https://www.satnam.de/es/pinta-labios-lakshmi-ayurveda/", "https://www.satnam.de/es/suero-aceites-ayurvedicos-lakshmi/", "https://www.satnam.de/es/jabones-ayurvedicos/", "https://www.satnam.de/es/jabones-chakras-fiore-doriente/", "https://www.satnam.de/es/sales-de-bano-ayurveda-cosmoveda/", "https://www.satnam.de/es/aceites-faciales-ayurvedicos/", "https://www.satnam.de/es/aceite-de-masaje-vata-maharishi-bdih-200-ml.html", "https://www.satnam.de/es/vata-champu-maharishi.html", "https://www.satnam.de/es/jabon-vegetal-maharishi-pitta-100-g.html", "https://www.satnam.de/es/jabon-herbal-maharishi-rose-100-g.html", "https://www.satnam.de/es/jabon-de-neem-maharishi.html", "https://www.satnam.de/es/pitta-campu-maharishi.html", "https://www.satnam.de/es/jabon-vegetal-maharishi-vata.html", "https://www.satnam.de/es/aceite-de-masaje-pitta-maharishi-bdih-200-ml.html", "https://www.satnam.de/es/kapha-champu-maharishi.html", "https://www.satnam.de/es/aceite-de-masaje-kapha-maharishi-bdih-200-ml.html", "https://www.satnam.de/es/ayurflex-aceite-de-masaje-maharishi-100-ml.html", "https://www.satnam.de/es/crema-regeneradora-maharishi-75-ml.html", "https://www.satnam.de/es/vata-crema-de-cuidados-faciales-maharishi-75-ml.html", "https://www.satnam.de/es/aceite-capilar-vata-maharishi-organico.html", "https://www.satnam.de/es/crema-de-cuidado-facial-pitta-maharishi-75-ml.html", "https://www.satnam.de/es/aceite-capilar-pitta-maharishi-organico.html", "https://www.satnam.de/es/vata-body-lotion-maharishi-200-ml.html", "https://www.satnam.de/es/aceite-capilar-kapha-maharishi-organico.html", "https://www.satnam.de/es/cleansing-milk-maharishi-200-ml.html", "https://www.satnam.de/es/pitta-body-lotion-maharishi-200-ml.html", "https://www.satnam.de/es/tonico-para-la-piel-maharishi-75-ml.html", "https://www.satnam.de/es/aceite-de-masaje-vata-maharishi-bdih-200-ml.html", "https://www.satnam.de/es/vata-champu-maharishi.html", "https://www.satnam.de/es/jabon-vegetal-maharishi-pitta-100-g.html", "https://www.satnam.de/es/jabon-herbal-maharishi-rose-100-g.html", "https://www.satnam.de/es/jabon-de-neem-maharishi.html", "https://www.satnam.de/es/pitta-campu-maharishi.html", "https://www.satnam.de/es/jabon-vegetal-maharishi-vata.html", "https://www.satnam.de/es/aceite-de-masaje-pitta-maharishi-bdih-200-ml.html", "https://www.satnam.de/es/kapha-champu-maharishi.html", "https://www.satnam.de/es/aceite-de-masaje-kapha-maharishi-bdih-200-ml.html", "https://www.satnam.de/es/ayurflex-aceite-de-masaje-maharishi-100-ml.html", "https://www.satnam.de/es/crema-regeneradora-maharishi-75-ml.html", "https://www.satnam.de/es/vata-crema-de-cuidados-faciales-maharishi-75-ml.html", "https://www.satnam.de/es/aceite-capilar-vata-maharishi-organico.html", "https://www.satnam.de/es/crema-de-cuidado-facial-pitta-maharishi-75-ml.html", "https://www.satnam.de/es/aceite-capilar-pitta-maharishi-organico.html", "https://www.satnam.de/es/vata-body-lotion-maharishi-200-ml.html", "https://www.satnam.de/es/aceite-capilar-kapha-maharishi-organico.html", "https://www.satnam.de/es/cleansing-milk-maharishi-200-ml.html", "https://www.satnam.de/es/pitta-body-lotion-maharishi-200-ml.html", "https://www.satnam.de/es/tonico-para-la-piel-maharishi-75-ml.html", "https://www.satnam.de/es/sat-nam-lounge.php", "https://www.satnam.de/es/sat-nam-lounge.php", "https://www.satnam.de/es/sat-nam-lounge.php", "https://www.satnam.de/es/kundalini-yoga.php", "https://www.satnam.de/es/yoga.php", "https://www.satnam.de/es/ayurveda.php", "https://www.satnam.de/es/music.php", "https://www.satnam.de/es/books.php", "https://www.satnam.de/es/tea.php", "https://www.satnam.de/es/nahrungsergaenzungen.php", "https://www.satnam.de/es/cosmetics.php", "https://www.satnam.de/es/toplinks.php", "#top", "/es/impressum.php", "https://www.satnam.de/es/payment_shipping.php", "https://www.satnam.de/es/payment_shipping.php", "https://www.satnam.de/de/maharishi-ayurveda-naturkosmetik/", "https://www.satnam.de/en/maharishi-ayurveda-natural-cosmetics/", "https://www.satnam.de/fr/maharishi-ayurveda-cosmetiques-naturels/", "https://www.satnam.de/es/maharishi-ayurveda-cosmeticos-naturales/", "https://www.satnam.de/es/discounts.php", "https://www.satnam.de/es/conditions-wholesale.php", "https://www.satnam.de/es/affiliate_info.php", "https://www.satnam.de/es/reservation.php", "https://www.satnam.de/es/sat-nam-lounge.php", "https://www.satnam.de/es/toplinks.php", "https://www.satnam.de/es/payment_shipping.php", "https://www.satnam.de/es/contact_us.php", "https://www.satnam.de/es/impressum.php", "https://www.satnam.de/es/conditions.php", "https://www.satnam.de/es/withdraw.php", "https://www.satnam.de/es/privacy.php", "https://www.satnam.de/es/battery.php", "https://www.satnam.de/es/about_us.php", "https://www.haendlerbund.de/kaeufersiegel/ecommerce-europe-trustmark/zertifikat/?uuid=db5fa880-c253-11e4-bc3a-14dae9b38da3-1823898434", "/pdf/Bio-Zertifikat_SATNAM.pdf", "/pdf/Bio-Zertifikat_SATNAM.pdf", "http://www.bdih.de/", "http://www.bdih.de/", "https://www.facebook.com/SatNam.eu.International/", "http://www.yogipress.de/index.php/fr/", "https://www.mantradownload.com/", "/es/privacy.php", "javascript:$('.toggle-dsgvo-details').toggle('slow');void(0);", "https://www.satnam.de/es/impressum.php", "javascript:cookieConsentAccept();"]}